<record><leader>00000cas a22000007a 4500</leader><controlfield tag="001">13640364</controlfield><controlfield tag="008">860523d1936194uinudn ne      0    0eng d</controlfield><datafield ind1=" " ind2=" " tag="010"><subfield code="a">sn 86058538 </subfield></datafield><datafield ind1=" " ind2=" " tag="040"><subfield code="a">NPI</subfield><subfield code="b">eng</subfield><subfield code="c">NPI</subfield><subfield code="d">OCLCQ</subfield><subfield code="d">IUL</subfield><subfield code="d">OCLCO</subfield><subfield code="d">OCLCF</subfield></datafield><datafield ind1=" " ind2=" " tag="042"><subfield code="a">msc</subfield></datafield><datafield ind1=" " ind2=" " tag="043"><subfield code="a">n-us-in</subfield></datafield><datafield ind1="0" ind2=" " tag="130"><subfield code="a">Winchester daily news (Winchester, Ind. : 1936)</subfield></datafield><datafield ind1="1" ind2="4" tag="245"><subfield code="a">The Winchester daily news.</subfield></datafield><datafield ind1=" " ind2=" " tag="260"><subfield code="a">Winchester, Ind. :</subfield><subfield code="b">Gazette Pub. Co.,</subfield><subfield code="c">1936-</subfield></datafield><datafield ind1=" " ind2=" " tag="300"><subfield code="a">v. :</subfield><subfield code="b">ill. ;</subfield><subfield code="c">57 cm.</subfield></datafield><datafield ind1=" " ind2=" " tag="310"><subfield code="a">Daily (except Sun.)</subfield></datafield><datafield ind1="0" ind2=" " tag="362"><subfield code="a">Vol. 3, no. 21 (Aug. 26, 1936) = vol. 51, no. 95 (Aug. 26, 1936)-</subfield></datafield><datafield ind1="1" ind2=" " tag="362"><subfield code="a">Ceased between Sept. 1942 and May 1943.</subfield></datafield><datafield ind1=" " ind2=" " tag="515"><subfield code="a">Carried the numbering of both the original Winchester daily news and The Winchester Democrat.</subfield></datafield><datafield ind1=" " ind2="0" tag="651"><subfield code="a">Winchester (Ind.)</subfield><subfield code="v">Newspapers.</subfield></datafield><datafield ind1=" " ind2="0" tag="651"><subfield code="a">Randolph County (Ind.)</subfield><subfield code="v">Newspapers.</subfield></datafield><datafield ind1=" " ind2="7" tag="655"><subfield code="a">Newspapers.</subfield><subfield code="2">fast</subfield><subfield code="0">(OCoLC)fst01423814</subfield></datafield><datafield ind1=" " ind2="7" tag="651"><subfield code="a">Indiana</subfield><subfield code="z">Randolph County.</subfield><subfield code="2">fast</subfield><subfield code="0">(OCoLC)fst01208877</subfield></datafield><datafield ind1=" " ind2="7" tag="651"><subfield code="a">Indiana</subfield><subfield code="z">Winchester.</subfield><subfield code="2">fast</subfield><subfield code="0">(OCoLC)fst01255182</subfield></datafield><datafield ind1=" " ind2=" " tag="752"><subfield code="a">United States</subfield><subfield code="b">Indiana</subfield><subfield code="c">Randolph</subfield><subfield code="d">Winchester.</subfield></datafield><datafield ind1="0" ind2="0" tag="780"><subfield code="t">Winchester news-Democrat (Winchester, Ind. : 1935)</subfield><subfield code="w">(DLC)sn 86058537</subfield><subfield code="w">(OCoLC)13640287</subfield></datafield><datafield ind1="0" ind2="0" tag="785"><subfield code="t">Winchester news (Winchester, Ind.)</subfield><subfield code="w">(DLC)sn 86058539</subfield><subfield code="w">(OCoLC)13640402</subfield></datafield></record>